<?xml version="1.0" encoding="UTF-8"?><record xmlns="http://www.loc.gov/MARC21/slim" xmlns:cinclude="http://apache.org/cocoon/include/1.0" xmlns:zs="http://www.loc.gov/zing/srw/">
  <leader>00443nz  a2200133n  4500</leader>
  <controlfield tag="001">no 88002895 </controlfield>
  <controlfield tag="003">DLC</controlfield>
  <controlfield tag="005">19880909072602.3</controlfield>
  <controlfield tag="008">880831n| acannaab|          |n aaa     c</controlfield>
  <datafield tag="010" ind1=" " ind2=" ">
    <subfield code="a">no 88002895 </subfield>
  </datafield>
  <datafield tag="040" ind1=" " ind2=" ">
    <subfield code="a">InU</subfield>
    <subfield code="c">InU</subfield>
  </datafield>
  <datafield tag="100" ind1="1" ind2="0">
    <subfield code="a">Hanson, William C.</subfield>
    <subfield code="q">(William Clinton),</subfield>
    <subfield code="d">1874-</subfield>
  </datafield>
  <datafield tag="670" ind1=" " ind2=" ">
    <subfield code="a">His Hygiene of the boot and shoe industry in Massachusetts, 1912:</subfield>
    <subfield code="b">t.p. (William C. Hanson)</subfield>
  </datafield>
  <datafield tag="670" ind1=" " ind2=" ">
    <subfield code="a">NUC Pre-1956</subfield>
    <subfield code="b">(hdg.: Hanson, William Clinton, 1874- )</subfield>
  </datafield>
</record>